@manual{WikiFoy,
  author       = {Hell Let Loose Wiki},
  note         = {\url{https://hellletloose.fandom.com/wiki/Foy}},
  title        = {Foy},
}

@manual{WikiCarentan,
  author       = {Hell Let Loose Wiki},
  note         = {\url{https://hellletloose.fandom.com/wiki/Carentan}},
  title        = {Carentan},
}